<record><leader>00000cas a22000007a 4500</leader><controlfield tag="001">13014813</controlfield><controlfield tag="008">860113d19611962wiuwr ne      0    0eng d</controlfield><datafield ind1=" " ind2=" " tag="010"><subfield code="a">sn 86086026 </subfield></datafield><datafield ind1=" " ind2=" " tag="040"><subfield code="a">NPV</subfield><subfield code="b">eng</subfield><subfield code="c">NPV</subfield><subfield code="d">OCLCQ</subfield></datafield><datafield ind1=" " ind2=" " tag="042"><subfield code="a">msc</subfield></datafield><datafield ind1=" " ind2=" " tag="045"><subfield code="a">x6x6</subfield></datafield><datafield ind1=" " ind2=" " tag="052"><subfield code="a">4123</subfield><subfield code="b">W7</subfield></datafield><datafield ind1="0" ind2="0" tag="245"><subfield code="a">Sun-news press.</subfield></datafield><datafield ind1=" " ind2=" " tag="260"><subfield code="a">Plainfield, Wis. :</subfield><subfield code="b">Printomatic Corp.,</subfield><subfield code="c">1961-1962.</subfield></datafield><datafield ind1=" " ind2=" " tag="300"><subfield code="a">1 v. :</subfield><subfield code="b">ill.</subfield></datafield><datafield ind1=" " ind2=" " tag="310"><subfield code="a">Weekly</subfield></datafield><datafield ind1="0" ind2=" " tag="362"><subfield code="a">Vol. 78, no. 1 (Mar. 2, 1961)-v. 78, no. 47 (Jan. 25, 1962).</subfield></datafield><datafield ind1=" " ind2=" " tag="500"><subfield code="a">Editor: R.J. Harrison.</subfield></datafield><datafield ind1=" " ind2=" " tag="530"><subfield code="a">Available on microfilm from The State Historical Society of Wisconsin.</subfield></datafield><datafield ind1=" " ind2=" " tag="752"><subfield code="a">United States</subfield><subfield code="b">Wisconsin</subfield><subfield code="c">Waushara</subfield><subfield code="d">Plainfield.</subfield></datafield><datafield ind1="0" ind2="4" tag="780"><subfield code="t">Hancock-Coloma news</subfield><subfield code="w">(DLC)sn 85040633</subfield></datafield><datafield ind1="0" ind2="4" tag="780"><subfield code="t">Sun (Plainfield, Wis.)</subfield><subfield code="w">(DLC)sn 86086025</subfield></datafield><datafield ind1="0" ind2="4" tag="785"><subfield code="t">Waushara Argus</subfield></datafield><datafield ind1="1" ind2=" " tag="029"><subfield code="a">AU@</subfield><subfield code="b">000025822434</subfield></datafield></record>